<?xml version="1.0" encoding="UTF-8"?><collection xmlns="http://www.loc.gov/MARC21/slim"><record><leader>00413nam--2200121-i-4500</leader><controlfield tag="001">000034507</controlfield><controlfield tag="002">20161230</controlfield><controlfield tag="005">20161230201040</controlfield><controlfield tag="008">060222s1000------------r-----000-0-eng-d</controlfield><datafield ind1=" " ind2=" " tag="080"><subfield code="a">628.1/2:728.84:012</subfield></datafield><datafield ind1=" " ind2=" " tag="245"><subfield code="a">Normativ pentru proiectarea instalatiilor exterioare de alimentare cu apa si de canalizare la unitatile agricole m.a.s</subfield></datafield><datafield ind1=" " ind2=" " tag="260"><subfield code="a">Bucuresti, Ed.De Stat Pentru Arhit.Si Constr., 1955, 13p</subfield></datafield><datafield ind1=" " ind2=" " tag="852"><subfield code="a">5296</subfield></datafield></record></collection>